<?xml version="1.0" encoding="UTF-8"?><record xmlns="http://www.loc.gov/MARC21/slim" xmlns:cinclude="http://apache.org/cocoon/include/1.0" xmlns:zs="http://www.loc.gov/zing/srw/">
  <leader>00413nz  a2200133n  4500</leader>
  <controlfield tag="001">nr 92002142 </controlfield>
  <controlfield tag="003">DLC</controlfield>
  <controlfield tag="005">19920122055830.7</controlfield>
  <controlfield tag="008">920116n| acannaab|          |n aaa     c</controlfield>
  <datafield tag="010" ind1=" " ind2=" ">
    <subfield code="a">nr 92002142 </subfield>
  </datafield>
  <datafield tag="040" ind1=" " ind2=" ">
    <subfield code="a">NjP</subfield>
    <subfield code="c">NjP</subfield>
  </datafield>
  <datafield tag="100" ind1="1" ind2="0">
    <subfield code="a">Lirtzman, Sidney</subfield>
  </datafield>
  <datafield tag="670" ind1=" " ind2=" ">
    <subfield code="a">Crawford, F.L. Counseling and placement of blind persons ... 1966:</subfield>
    <subfield code="b">t.p. (Sidney Lirtzman, Ph. D.)</subfield>
  </datafield>
  <datafield tag="670" ind1=" " ind2=" ">
    <subfield code="a">LC in RLIN, 1-21-92</subfield>
    <subfield code="b">(hdg.: Lirtzman, Sidney)</subfield>
  </datafield>
</record>